<record><leader>00000cas a22000007a 4500</leader><controlfield tag="001">24159439</controlfield><controlfield tag="008">910731c19879999nyuwr ne      0    0eng d</controlfield><datafield ind1=" " ind2=" " tag="010"><subfield code="a">sn 91066376 </subfield></datafield><datafield ind1=" " ind2=" " tag="040"><subfield code="a">NYS</subfield><subfield code="b">eng</subfield><subfield code="c">NYS</subfield><subfield code="d">OCLCQ</subfield></datafield><datafield ind1=" " ind2=" " tag="042"><subfield code="a">msc</subfield></datafield><datafield ind1="0" ind2="4" tag="245"><subfield code="a">The Chenango American and Whitney Point reporter and the Oxford review-times.</subfield></datafield><datafield ind1=" " ind2=" " tag="260"><subfield code="a">Greene, N.Y. :</subfield><subfield code="b">Tri-Town News</subfield></datafield><datafield ind1=" " ind2=" " tag="300"><subfield code="a">v.</subfield></datafield><datafield ind1=" " ind2=" " tag="310"><subfield code="a">Weekly</subfield></datafield><datafield ind1="0" ind2=" " tag="362"><subfield code="a">Vol. 133, no. 18 (July 29, 1987)-</subfield></datafield><datafield ind1=" " ind2=" " tag="580"><subfield code="a">Continued in part by: The Whitney Point reporter, the Chenango American and the Oxford review-times; and: The Oxford review-times, the Chenango American and Whitney Point reporter.</subfield></datafield><datafield ind1=" " ind2="4" tag="651"><subfield code="a">Greene (N.Y.)</subfield><subfield code="v">Newspapers.</subfield></datafield><datafield ind1=" " ind2="4" tag="651"><subfield code="a">Oxford (N.Y.)</subfield><subfield code="v">Newspapers.</subfield></datafield><datafield ind1=" " ind2="4" tag="651"><subfield code="a">Whitney Point (N.Y.)</subfield><subfield code="v">Newspapers.</subfield></datafield><datafield ind1=" " ind2="4" tag="651"><subfield code="a">Chenango County (N.Y.)</subfield><subfield code="v">Newspapers.</subfield></datafield><datafield ind1=" " ind2=" " tag="752"><subfield code="a">United States</subfield><subfield code="b">New York</subfield><subfield code="c">Chenango</subfield><subfield code="d">Greene.</subfield></datafield><datafield ind1=" " ind2=" " tag="752"><subfield code="a">United States</subfield><subfield code="b">New York</subfield><subfield code="c">Broome</subfield><subfield code="d">Whitney Point.</subfield></datafield><datafield ind1=" " ind2=" " tag="752"><subfield code="a">United States</subfield><subfield code="b">New York</subfield><subfield code="c">Chenango</subfield><subfield code="d">Oxford.</subfield></datafield><datafield ind1="0" ind2="0" tag="780"><subfield code="t">Chenango American and Whitney Point reporter</subfield><subfield code="w">(DLC)sn 91066375</subfield><subfield code="w">(OCoLC)24159297</subfield></datafield><datafield ind1="1" ind2="1" tag="785"><subfield code="t">Whitney Point reporter, the Chenango American and the Oxford review-times</subfield><subfield code="w">(DLC)sn 93063819</subfield></datafield><datafield ind1="1" ind2="1" tag="785"><subfield code="t">Oxford review-times, the Chenango American and Whitney Point reporter</subfield><subfield code="w">(DLC)sn 93063818</subfield></datafield><datafield ind1="1" ind2=" " tag="029"><subfield code="a">AU@</subfield><subfield code="b">000025907496</subfield></datafield></record>